
@article{jeffress1948place,
	title={A place theory of sound localization.},
	author={Jeffress, Lloyd A},
	journal={Journal of comparative and physiological psychology},
	volume={41},
	number={1},
	pages={35},
	year={1948},
	publisher={American Psychological Association}
}


@book{nieuwenhuys2007human,
  title={The human central nervous system: a synopsis and atlas},
  author={Nieuwenhuys, Rudolf and Voogd, Jan and Van Huijzen, Christiaan},
  year={2007},
  publisher={Springer Science \& Business Media}
}



